@inproceedings{knoche2012text,
  title={Text is not the enemy-How illiterates use their mobile phones},
  author={Knoche, H. and Huang, J.},
  booktitle={NUIs for New Worlds: New Interaction Forms and Interfaces for Mobile Applications in Developing Countries-CHI’2012 workshop},
  year={2012}
}

@inproceedings{brown2012water,
  title={WATER alert!: using mobile phones to improve community perspective on drinking water quality in South Africa},
  author={Brown, D. and Marsden, G. and Rivett, U.},
  booktitle={Proceedings of the Fifth International Conference on Information and Communication Technologies and Development},
  pages={230--240},
  year={2012},
  organization={ACM}
}

@inproceedings{champanis2012reporting,
  title={Reporting water quality: a case study of a mobile phone application for collecting data in developing countries},
  author={Champanis, M. and Rivett, U.},
  booktitle={Proceedings of the Fifth International Conference on Information and Communication Technologies and Development},
  pages={105--113},
  year={2012},
  organization={ACM}
}

@article{goodman2010coming,
  title={The coming African tsunami of information insecurity},
  author={Goodman, Seymour and Harris, Andrew},
  journal={Communications of the ACM},
  volume={53},
  number={12},
  pages={24--27},
  year={2010},
  publisher={ACM}
}

@inproceedings{birnbaum2012automated,
  title={Automated quality control for mobile data collection},
  author={Birnbaum, Benjamin and DeRenzi, Brian and Flaxman, Abraham D and Lesh, Neal},
  booktitle={Proceedings of the 2nd ACM Symposium on Computing for Development},
  pages={1},
  year={2012},
  organization={ACM}
}

@book{aggarwal2012mining,
  title={Mining text data},
  author={Aggarwal, Charu C and Zhai, ChengXiang},
  year={2012},
  publisher={Springer}
}

@article{blaschkeextrinsic,
  title={Extrinsic, Intrinsic, and Social Incentives for UNICEF’s Crowdsourcing Development Information in Uganda: A Field Experiment},
  author={Blaschke, Sean M and Carroll, Peter P and Chaves, Daniela Rojas and Findley, Michael G and Gleave, Madeleine C and Morello, Robert N and Nielson, Daniel L}
}




