@article{Birnbaum2012,
author 	= "Birnbaum, B and Rienzi, De", 
title  	= "Automated Quality Control for Mobile data Collection", 
journal = "Proc DEV’12, ACM", 
year = "2012"
}



@article{Bjorkman2009,
author 	= "Björkman, M and Svensson, J", 
title  	= "Power to the People: Evidence From a Randomized Field Experiment on Community-Based Monitoring in Uganda", 
journal = "The Quarterly Journal of Economics 124 (2):735–769", 
year = "2009"
}

@article{Bott2011,
author 	= "Bott M, and B Gigler and G Young", 
title  	= "The Role of Crowdsourcing for Better Governance in Fragile State Contexts", 
journal = "KfW Entwicklungsbank, Kompetenzcenter Governance", 
year = "2011"
}

@article{Deininger2005,
author 	= "Deininger K, and P Mpuga", 
title  	= "Does Greater Accountability Improve the Quality of Public Service Delivery? Evidence From Uganda", 
journal = "World Development 33 (1): 171–191.", 
year = "2005"
}

@article{Hutchings2012,
author 	= "Hutchings M T, and A Dev,and M Palaniappan, and V Srinivasan, and N Ramanathan, and J Taylor, and N Ross, and P Luu", 
title  	= "mWASH: Mobile Phone Applications for the Water, Sanitation, and Hygiene Sector.", 
journal = " Oakland, CA, USA: Pacific Institute and Los Angeles, CA", 
year = "2012"
}
%


@article{Findley2012,
author 	= "Findley, M G, and M C Gleave, and R N Morello", 
title  	= "Extrinsic, Intrinsic, and Social Incentives for Crowdsourcing Development Information in Uganda: a Field Experiment", 
journal = "Working Paper.", 
year = "2012"
}


@inproceedings{DBLP:conf/aaai/Lease11,
  author    = {Matthew Lease},
  title     = {On Quality Control and Machine Learning in Crowdsourcing},
  booktitle = {Human Computation},
  year      = {2011},
  ee        = {http://www.aaai.org/ocs/index.php/WS/AAAIW11/paper/view/3906},
  crossref  = {DBLP:conf/aaai/2011hc},
  bibsource = {DBLP, http://dblp.uni-trier.de}
}


@article{Howe2008,
author 	= "Howe, J ", 
title  	= " Crowdsourcing: Why the Power of the Crowd is Driving the Future of Business", 
journal = "Crown Business Publisher ", 
year = "2008 "
}


@article{ Isaac2003,
author 	= " Isaac D and Christopher L ", 
title  	= "AUTOMATED DATA QUALITY ASSESSMENT IN THE INTELLIGENT ARCHIVE ", 
journal = " ", 
year = "2003 "
}

@book{Mubarak97Fundamentalsof,
title = {Fundamentals of computer vision.},
author = {S. Mubarak.},
year = {1997}
}

@book{ Ritter96Handbookof,
title = {{Handbook of Computer Vision Algorithms in Image Algebra}},
author = {G. X. Ritter and N. W. Joseph.},
year = {1996}
}


@article{Weiss1998,
author 	= "Weiss and Gary M.and Haym Hirsh ", 
title  	= "Learning to Predict Rare Events in Categorical Time-Series Data ", 
journal = "Papers from the 1998 AAAI Workshop ", 
year = "1998 "
}

@article{Weiss1998Predicting,
author 	= "Weiss and Gary M.and Haym Hirsh ", 
title  	= "Predicting the Future: AI Approaches to Time-Series Problems ", 
journal = "Technical Report WS-98-07, AAAI Press, 83-90 ", 
year = "1998 "
}


@article{ Karimi2000,
author 	= " Karimi and Kamran and Howard J. Hamilton", 
title  	= "Finding Temporal Relations: Causal Bayesian Networks vs. C4.5 ", 
journal = " International Symposium on Methodologies for intelligent Systems,", 
year = "2000 "
}



@article{ Biggus1996,
author 	= " Biggus J P", 
title  	= "Data Mining with Neural Networks ", 
journal = "McGraw Hill ", 
year = " 1996"
}




@article{Heckerman1995 ,
author 	= " Heckerman, D. and D. Geiger, and D. Chickering", 
title  	= "Learning Bayesian Networks: the Combination of Knowledge and Statistical Data ", 
journal = "Machine Learning, 20, p. 197-243. ", 
year = " 1995"
}


@article{Langley1994 ,
author 	= "Langley, P., and S. Sage ", 
title  	= " Induction of selective Bayesian classifiers", 
journal = " In Swartout,W., ed., Proc. Tenth National Conference on Artificial Intelligence, San Jose, CA. Menlo Park, CA: AAAI Press, pp. 223-228.", 
year = " 1994"
}



@article{Friedman1997 ,
author 	= " Friedman N.and D. Geiger, and M. Goldszmidt", 
title  	= "BayesianN etwork Classifiers ", 
journal = "Machine Learning, 29, p. 131-163. ", 
year = "1997 "
}

@article{Jason2003 ,
author 	= " Jason D. M. Rennie and Lawrence Shih and Jaime Teevan and David R. Karger", 
title  	= " Tackling the Poor Assumptions of Naive Bayes Text Classifiers", 
journal = "Proceedings of the Twentieth International Conference on Machine Learning (ICML-2003), Washington DC, ", 
year = "2003 "
}