%% This BibTeX bibliography file was created using BibDesk.
%% http://bibdesk.sourceforge.net/


%% Created for J.Gheyssens at 2013-02-14 15:26:56 +0100 


%% Saved with string encoding Unicode (UTF-8) 



@article{ling2005using,
	Author = {Ling, Kimberly and Beenen, Gerard and Ludford, Pamela and Wang, Xiaoqing and Chang, Klarissa and Li, Xin and Cosley, Dan and Frankowski, Dan and Terveen, Loren and Rashid, Al Mamunur and others},
	Date-Added = {2013-02-14 14:26:52 +0000},
	Date-Modified = {2013-02-14 14:26:52 +0000},
	Journal = {Journal of Computer-Mediated Communication},
	Number = {4},
	Pages = {00--00},
	Publisher = {Wiley Online Library},
	Title = {Using social psychology to motivate contributions to online communities},
	Volume = {10},
	Year = {2005}}

@article{lin2008elucidating,
	Author = {Lin, Chieh-Peng and Bhattacherjee, Anol},
	Date-Added = {2013-02-14 14:25:03 +0000},
	Date-Modified = {2013-02-14 14:25:03 +0000},
	Journal = {International Journal of Electronic Commerce},
	Number = {1},
	Pages = {85--108},
	Publisher = {ME Sharpe},
	Title = {Elucidating individual intention to use interactive information technologies: The role of network externalities},
	Volume = {13},
	Year = {2008}}

@inproceedings{crowley2012gamification,
	Author = {Crowley, David N and Breslin, John G and Corcoran, Peter and Young, Karen},
	Booktitle = {Games Innovation Conference (IGIC), 2012 IEEE International},
	Date-Added = {2013-02-14 14:21:45 +0000},
	Date-Modified = {2013-02-14 14:21:45 +0000},
	Organization = {IEEE},
	Pages = {1--5},
	Title = {Gamification of citizen sensing through mobile social reporting},
	Year = {2012}}

@article{fogg2002persuasive,
	Author = {Fogg, Brian J},
	Date-Added = {2013-02-14 14:18:34 +0000},
	Date-Modified = {2013-02-14 14:18:34 +0000},
	Journal = {Ubiquity},
	Number = {December},
	Pages = {5},
	Publisher = {ACM},
	Title = {Persuasive technology: using computers to change what we think and do},
	Volume = {2002},
	Year = {2002}}

@inproceedings{Huotari2012,
	Author = {Huotari, K., and Hamari, J.},
	Date-Added = {2013-02-14 14:16:01 +0000},
	Date-Modified = {2013-02-14 14:16:12 +0000}}

@inproceedings{Oinas_Kukkonen2010,
	Author = {Oinas-Kukkonen, Harri },
	Booktitle = {WebSci10: Extending the Frontiers of Society On-Line},
	Date-Added = {2013-02-14 14:13:20 +0000},
	Date-Modified = {2013-02-14 14:14:04 +0000},
	Title = {Behavior Change Support Systems: The Next Frontier for Web Science},
	Year = {2010}}

@article{kim2007value,
	Author = {Kim, Hee-Woong and Chan, Hock Chuan and Gupta, Sumeet},
	Date-Added = {2013-02-14 14:10:11 +0000},
	Date-Modified = {2013-02-14 14:10:11 +0000},
	Journal = {Decision Support Systems},
	Number = {1},
	Pages = {111--126},
	Publisher = {Elsevier},
	Title = {Value-based adoption of mobile internet: an empirical investigation},
	Volume = {43},
	Year = {2007}}

@article{davis1992extrinsic,
	Author = {Davis, Fred D and Bagozzi, Richard P and Warshaw, Paul R},
	Date-Added = {2013-02-14 14:09:15 +0000},
	Date-Modified = {2013-02-14 14:09:15 +0000},
	Journal = {Journal of applied social psychology},
	Number = {14},
	Pages = {1111--1132},
	Publisher = {Wiley Online Library},
	Title = {Extrinsic and intrinsic motivation to use computers in the workplace1},
	Volume = {22},
	Year = {1992}}

@article{lin2011people,
	Author = {Lin, Kuan-Yu and Lu, Hsi-Peng},
	Date-Added = {2013-02-14 13:58:37 +0000},
	Date-Modified = {2013-02-14 13:58:37 +0000},
	Journal = {Computers in Human Behavior},
	Number = {3},
	Pages = {1152--1161},
	Publisher = {Elsevier},
	Title = {Why people use social networking sites: An empirical study integrating network externalities and motivation theory},
	Volume = {27},
	Year = {2011}}

@article{Ashnah12,
	Author = {Ashnah Kalemera and Lillian Nalwoga and Wairagala Wakabi},
	Date-Added = {2013-02-14 10:23:01 +0000},
	Date-Modified = {2013-02-14 10:23:01 +0000},
	Title = {HOW ICT TOOLS ARE PROMOTING CITIZEN PARTICIPATION IN UGANDA},
	Year = {2012}}

@article{Kimberly11,
	Author = {Kimberly J. Mitchell and Sheana Bull and, Julius Kiwanuka and Michele L. Ybarra},
	Date-Added = {2013-02-14 10:23:01 +0000},
	Date-Modified = {2013-02-14 10:23:01 +0000},
	Journal = {Health Education Research},
	Title = {Cell phone usage among adolescents in Uganda: acceptability for relaying health information},
	Year = {2011}}

@article{Nora10,
	Author = {Nora Mulira and Apolo Kyeyune and Ali Ndiwalana},
	Date-Added = {2013-02-14 10:23:01 +0000},
	Date-Modified = {2013-02-14 10:23:01 +0000},
	Journal = {Towards Evidence-based ICT Policy and Regulation Volume Two, Policy Paper 13},
	Title = {Uganda ICT Sector Performance Review 2009/2010},
	Year = {2010}}

@article{Scott04,
	Author = {Scott, N},
	Date-Added = {2013-02-14 10:23:01 +0000},
	Date-Modified = {2013-02-14 10:23:01 +0000},
	Journal = {available at http://www.balancingact-africa.com/news/back/balancing-act_203.html},
	Title = {New research findings point to high rates of phone use in no or low service areas},
	Year = {2004}}

@article{Scott03,
	Author = {Scott, N},
	Date-Added = {2013-02-14 10:23:01 +0000},
	Date-Modified = {2013-02-14 10:23:01 +0000},
	Journal = {available at http://www.balancingact-africa.com/news/back/balancingact_147.html},
	Year = {2003}}

@article{population02,
	Date-Added = {2013-02-14 10:23:01 +0000},
	Date-Modified = {2013-02-14 10:23:01 +0000},
	Journal = {Source: Uganda Bureau of Statistics},
	Title = {2002 Uganda Population and Housing Census},
	Year = {2002}}

@article{population2010,
	Date-Added = {2013-02-14 10:23:01 +0000},
	Date-Modified = {2013-02-14 10:23:01 +0000},
	Journal = {Source: Uganda Bureau of Statistics},
	Title = {2010 mid-year projected population for Town Councils},
	Year = {2010}}

@article{Airtel13,
	Date-Added = {2013-02-14 10:23:01 +0000},
	Date-Modified = {2013-02-14 10:23:01 +0000},
	Journal = {Available on http://www.africa.airtel.com/wps/wcm/connect/africaairtel/uganda/},
	Title = {Airtel Uganda},
	Year = {2013}}

@article{Breaking09,
	Date-Added = {2013-02-14 10:23:01 +0000},
	Date-Modified = {2013-02-14 10:23:01 +0000},
	Journal = {National Peace Corps Association http://arc.peacecorpsconnect.org/view/1227},
	Title = {Breaking the Silence of War in Northern Uganda through ICTs and Collaboration},
	Year = {2009}}

@article{CountryRe12,
	Date-Added = {2013-02-14 10:23:01 +0000},
	Date-Modified = {2013-02-14 10:23:01 +0000},
	Journal = {available at http://www.reportbuyer.com/countries/africa/uganda/country\_report\_uganda\_march\_2012.html},
	Title = {Country Report Uganda March 2012},
	Year = {2012}}

@article{Rikke10,
	Date-Added = {2013-02-14 10:23:01 +0000},
	Date-Modified = {2013-02-14 10:23:01 +0000},
	Journal = {The Centre for Internet Research,},
	Title = {ICT as a tool for empowerment in Uganda},
	Year = {2010}}

@article{MINISTRYOF12,
	Date-Added = {2013-02-14 10:23:01 +0000},
	Date-Modified = {2013-02-14 10:23:01 +0000},
	Journal = {First Draft September, www.ict.go.ug},
	Title = {MINISTRY OF INFORMATION AND COMMUNICATIONS TECHNOLOGY (ICT), NATIONAL ICT POLICY FOR UGANDA},
	Year = {2012}}

@article{MTN13,
	Date-Added = {2013-02-14 10:23:01 +0000},
	Date-Modified = {2013-02-14 10:23:01 +0000},
	Journal = {Available on http://www.mtn.co.ug/},
	Title = {MTN Uganda},
	Year = {2013}}

@article{Orange13,
	Date-Added = {2013-02-14 10:23:01 +0000},
	Date-Modified = {2013-02-14 10:23:01 +0000},
	Journal = {Available on http://www.orange.ug/},
	Title = {Orange Uganda},
	Year = {2013}}

@article{Post11,
	Date-Added = {2013-02-14 10:23:01 +0000},
	Date-Modified = {2013-02-14 10:23:01 +0000},
	Journal = {UGANDA COMMUNICATIO COMMISSION},
	Title = {Post and Telecommunications Annual Market Review 2010/2011},
	Year = {2011}}

@article{UGANDA11,
	Date-Added = {2013-02-14 10:23:01 +0000},
	Date-Modified = {2013-02-14 10:23:01 +0000},
	Journal = {www.ucc.co.ug},
	Title = {UGANDA COMMUNICATION COMMISSION, Mobil Internet Explained},
	Year = {2011}}

@article{UgandaTel12,
	Date-Added = {2013-02-14 10:23:01 +0000},
	Date-Modified = {2013-02-14 10:23:01 +0000},
	Journal = {available at http://www.marketresearch.com/Business-Monitor-International-v304/Uganda-Telecommunications-Q3-7069573/},
	Title = {Uganda Telecommunications Report Q3 2012},
	Year = {2012}}

@article{utl13,
	Date-Added = {2013-02-14 10:23:01 +0000},
	Date-Modified = {2013-02-14 10:23:01 +0000},
	Journal = {Available on www.utl.co.ug/},
	Title = {utl Uganda},
	Year = {2013}}

@article{Warid13,
	Date-Added = {2013-02-14 10:23:01 +0000},
	Date-Modified = {2013-02-14 10:23:01 +0000},
	Journal = {Available on http://waridtel.co.ug/},
	Title = {Warid Telecom},
	Year = {2013}}

@article{Birnbaum2012,
	Author = {Birnbaum, B and Rienzi, De},
	Date-Added = {2013-02-14 10:21:12 +0000},
	Date-Modified = {2013-02-14 10:21:12 +0000},
	Title = {Automated Quality Control for Mobile data Collection},
	Year = {2012}}

@article{Isaac2003,
	Author = {Isaac D and Christopher L},
	Date-Added = {2013-02-14 10:21:12 +0000},
	Date-Modified = {2013-02-14 10:21:12 +0000},
	Title = {AUTOMATED DATA QUALITY ASSESSMENT IN THE INTELLIGENT ARCHIVE},
	Year = {2003}}

@article{Findley2012,
	Author = {Findley, M G, and M C Gleave, and R N Morello},
	Date-Added = {2013-02-14 10:21:12 +0000},
	Date-Modified = {2013-02-14 10:21:12 +0000},
	Journal = {Working Paper.},
	Title = {Extrinsic, Intrinsic, and Social Incentives for Crowdsourcing Development Information in Uganda: a Field Experiment},
	Year = {2012}}

@article{Friedman1997,
	Author = {Friedman N.and D. Geiger, and M. Goldszmidt},
	Date-Added = {2013-02-14 10:21:12 +0000},
	Date-Modified = {2013-02-14 10:21:12 +0000},
	Journal = {Machine Learning, 29, p. 131-163.},
	Title = {BayesianN etwork Classifiers},
	Year = {1997}}

@article{Heckerman1995,
	Author = {Heckerman, D. and D. Geiger, and D. Chickering},
	Date-Added = {2013-02-14 10:21:12 +0000},
	Date-Modified = {2013-02-14 10:21:12 +0000},
	Journal = {Machine Learning, 20, p. 197-243.},
	Title = {Learning Bayesian Networks: the Combination of Knowledge and Statistical Data},
	Year = {1995}}

@article{Howe2008,
	Author = {Howe, J},
	Date-Added = {2013-02-14 10:21:12 +0000},
	Date-Modified = {2013-02-14 10:21:12 +0000},
	Journal = {Crown Business Publisher},
	Title = {Crowdsourcing: Why the Power of the Crowd is Driving the Future of Business},
	Year = {2008}}

@article{Deininger2005,
	Author = {Deininger K, and P Mpuga},
	Date-Added = {2013-02-14 10:21:12 +0000},
	Date-Modified = {2013-02-14 10:21:12 +0000},
	Title = {Does Greater Accountability Improve the Quality of Public Service Delivery? Evidence From Uganda},
	Year = {2005}}

@article{Karimi2000,
	Author = {Karimi and Kamran and Howard J. Hamilton},
	Date-Added = {2013-02-14 10:21:12 +0000},
	Date-Modified = {2013-02-14 10:21:12 +0000},
	Journal = {International Symposium on Methodologies for intelligent Systems,},
	Title = {Finding Temporal Relations: Causal Bayesian Networks vs. C4.5},
	Year = {2000}}

@article{Langley1994,
	Author = {Langley, P., and S. Sage},
	Date-Added = {2013-02-14 10:21:12 +0000},
	Date-Modified = {2013-02-14 10:21:12 +0000},
	Journal = {In Swartout,W., ed., Proc. Tenth National Conference on Artificial Intelligence, San Jose, CA. Menlo Park, CA: AAAI Press, pp. 223-228.},
	Title = {Induction of selective Bayesian classifiers},
	Year = {1994}}

@inproceedings{DBLP:conf/aaai/Lease11,
	Author = {Matthew Lease},
	Bibsource = {DBLP, http://dblp.uni-trier.de},
	Booktitle = {Human Computation},
	Crossref = {DBLP:conf/aaai/2011hc},
	Date-Added = {2013-02-14 10:21:12 +0000},
	Date-Modified = {2013-02-14 10:21:12 +0000},
	Ee = {http://www.aaai.org/ocs/index.php/WS/AAAIW11/paper/view/3906},
	Title = {On Quality Control and Machine Learning in Crowdsourcing},
	Year = {2011}}

@article{Bott2011,
	Author = {Bott M, and B Gigler and G Young},
	Date-Added = {2013-02-14 10:21:12 +0000},
	Date-Modified = {2013-02-14 10:21:12 +0000},
	Journal = {KfW Entwicklungsbank, Kompetenzcenter Governance},
	Title = {The Role of Crowdsourcing for Better Governance in Fragile State Contexts},
	Year = {2011}}

@book{Mubarak97Fundamentalsof,
	Author = {S. Mubarak.},
	Date-Added = {2013-02-14 10:21:12 +0000},
	Date-Modified = {2013-02-14 10:21:12 +0000},
	Title = {Fundamentals of computer vision.},
	Year = {1997}}

@article{Biggus1996,
	Author = {Biggus J P},
	Date-Added = {2013-02-14 10:21:12 +0000},
	Date-Modified = {2013-02-14 10:21:12 +0000},
	Journal = {McGraw Hill},
	Title = {Data Mining with Neural Networks},
	Year = {1996}}

@article{Jason2003,
	Author = {Jason D. M. Rennie and Lawrence Shih and Jaime Teevan and David R. Karger},
	Date-Added = {2013-02-14 10:21:12 +0000},
	Date-Modified = {2013-02-14 10:21:12 +0000},
	Journal = {Proceedings of the Twentieth International Conference on Machine Learning (ICML-2003), Washington DC,},
	Title = {Tackling the Poor Assumptions of Naive Bayes Text Classifiers},
	Year = {2003}}

@book{Ritter96Handbookof,
	Author = {G. X. Ritter and N. W. Joseph.},
	Date-Added = {2013-02-14 10:21:12 +0000},
	Date-Modified = {2013-02-14 10:21:12 +0000},
	Title = {{Handbook of Computer Vision Algorithms in Image Algebra}},
	Year = {1996}}

@article{Hutchings2012,
	Author = {Hutchings M T, and A Dev,and M Palaniappan, and V Srinivasan, and N Ramanathan, and J Taylor, and N Ross, and P Luu},
	Date-Added = {2013-02-14 10:21:12 +0000},
	Date-Modified = {2013-02-14 10:21:12 +0000},
	Journal = {Oakland, CA, USA: Pacific Institute and Los Angeles, CA},
	Title = {mWASH: Mobile Phone Applications for the Water, Sanitation, and Hygiene Sector.},
	Year = {2012}}

@article{Weiss1998,
	Author = {Weiss and Gary M.and Haym Hirsh},
	Date-Added = {2013-02-14 10:21:12 +0000},
	Date-Modified = {2013-02-14 10:21:12 +0000},
	Journal = {Papers from the 1998 AAAI Workshop},
	Title = {Learning to Predict Rare Events in Categorical Time-Series Data},
	Year = {1998}}

@article{Weiss1998Predicting,
	Author = {Weiss and Gary M.and Haym Hirsh},
	Date-Added = {2013-02-14 10:21:12 +0000},
	Date-Modified = {2013-02-14 10:21:12 +0000},
	Journal = {Technical Report WS-98-07, AAAI Press, 83-90},
	Title = {Predicting the Future: AI Approaches to Time-Series Problems},
	Year = {1998}}

@article{Bjorkman2009,
	Date-Added = {2013-02-14 10:21:12 +0000},
	Date-Modified = {2013-02-14 10:21:12 +0000},
	Title = {Power to the People: Evidence From a Randomized Field Experiment on Community-Based Monitoring in Uganda},
	Year = {2009}}

@book{aggarwal2012mining,
	Author = {Aggarwal, Charu C and Zhai, ChengXiang},
	Date-Added = {2013-02-14 10:14:30 +0000},
	Date-Modified = {2013-02-14 10:14:30 +0000},
	Publisher = {Springer},
	Title = {Mining text data},
	Year = {2012}}

@inproceedings{birnbaum2012automated,
	Author = {Birnbaum, Benjamin and DeRenzi, Brian and Flaxman, Abraham D and Lesh, Neal},
	Booktitle = {Proceedings of the 2nd ACM Symposium on Computing for Development},
	Date-Added = {2013-02-14 10:14:30 +0000},
	Date-Modified = {2013-02-14 10:14:30 +0000},
	Organization = {ACM},
	Pages = {1},
	Title = {Automated quality control for mobile data collection},
	Year = {2012}}

@article{blaschkeextrinsic,
	Author = {Blaschke, Sean M and Carroll, Peter P and Chaves, Daniela Rojas and Findley, Michael G and Gleave, Madeleine C and Morello, Robert N and Nielson, Daniel L},
	Date-Added = {2013-02-14 10:14:30 +0000},
	Date-Modified = {2013-02-14 10:14:30 +0000},
	Title = {Extrinsic, Intrinsic, and Social Incentives for UNICEF's Crowdsourcing Development Information in Uganda: A Field Experiment}}

@inproceedings{brown2012water,
	Author = {Brown, D. and Marsden, G. and Rivett, U.},
	Booktitle = {Proceedings of the Fifth International Conference on Information and Communication Technologies and Development},
	Date-Added = {2013-02-14 10:14:30 +0000},
	Date-Modified = {2013-02-14 10:14:30 +0000},
	Organization = {ACM},
	Pages = {230--240},
	Title = {WATER alert!: using mobile phones to improve community perspective on drinking water quality in South Africa},
	Year = {2012}}

@inproceedings{champanis2012reporting,
	Author = {Champanis, M. and Rivett, U.},
	Booktitle = {Proceedings of the Fifth International Conference on Information and Communication Technologies and Development},
	Date-Added = {2013-02-14 10:14:30 +0000},
	Date-Modified = {2013-02-14 10:14:30 +0000},
	Organization = {ACM},
	Pages = {105--113},
	Title = {Reporting water quality: a case study of a mobile phone application for collecting data in developing countries},
	Year = {2012}}

@article{goodman2010coming,
	Author = {Goodman, Seymour and Harris, Andrew},
	Date-Added = {2013-02-14 10:14:30 +0000},
	Date-Modified = {2013-02-14 10:14:30 +0000},
	Journal = {Communications of the ACM},
	Number = {12},
	Pages = {24--27},
	Publisher = {ACM},
	Title = {The coming African tsunami of information insecurity},
	Volume = {53},
	Year = {2010}}

@inproceedings{knoche2012text,
	Author = {Knoche, H. and Huang, J.},
	Booktitle = {NUIs for New Worlds: New Interaction Forms and Interfaces for Mobile Applications in Developing Countries-CHI'2012 workshop},
	Date-Added = {2013-02-14 10:14:30 +0000},
	Date-Modified = {2013-02-14 10:14:30 +0000},
	Title = {Text is not the enemy-How illiterates use their mobile phones},
	Year = {2012}}
